@article{fowler2006,
	author = {Fowler, J. H.},
	year = {2006},
	title = {Legislative cosponsorship networks in the US House and Senate},
	journal = {Social Networks},
	volume = {28},
	number = {},
	pages = {454-465}
}

@proceedings{kroger2009,
author			=		{Kroger, G. and Victor, J. N.},
date				=		{2009},
title				=		{The beltway network: a network analysis of lobbyists' donations to members of congress},
series			=		{Prepared for presentation at the Conference on Bicameralism},
institution			=		{Vanderbilt University}
}

@proceedings{hangal2010,
author			=		{Hangal, S. and MacLean, D. and Lam, M. S. and Heer, J.},
date				=		{2010},
title				=		{All friends are not equal: using weights in social graphs to improve search},
series			=		{The 4th SNA-KDD Workshop '10 (SNA-KDD'10)},
institution			=		{University of Washington}
}

@article{landherr2010,
	author = {Landherr, A. and Friedl, B. and Heidemann, J.},
	year = {2010},
	title = {A critical review of centrality measures in social networks},
	journal = {Business \& Information Systems Engineering},
	volume = {2},
	number = {6},
	pages = {371-385}
}

@online{legiscan2018,
author				= {LegiScan},
date				= {2018},
title				= {Kentucky Regular Session Legislative Data},
url				 	= {http://www.legiscan.com}
}


@online{grund2015,
author			=		{Grund, T.}, 
date				=		{2015}, 
title			=		{nwcommands},
subtitle		=		{Network Analysis in Stata},
url	=		{https://nwcommands.wordpress.com/}
}


